<record xmlns="http://www.loc.gov/MARC21/slim">
   <leader>01489cam a2200373 i 45 0</leader>
   <controlfield tag="001">6755236</controlfield>
   <controlfield tag="003">OCoLC</controlfield>
   <controlfield tag="005">20141209111219.0</controlfield>
   <controlfield tag="008">140609t20152015nyua          001 0 eng d</controlfield>
   <datafield ind1=" " ind2=" " tag="015">
      <subfield code="a">GBB465732</subfield>
      <subfield code="2">bnb</subfield>
   </datafield>
   <datafield ind1="7" ind2=" " tag="016">
      <subfield code="a">016761514</subfield>
      <subfield code="2">Uk</subfield>
   </datafield>
   <datafield ind1=" " ind2=" " tag="020">
      <subfield code="a">9781617291432</subfield>
      <subfield code="q">(pbk.)</subfield>
   </datafield>
   <datafield ind1=" " ind2=" " tag="020">
      <subfield code="a">1617291439</subfield>
      <subfield code="q">(pbk.)</subfield>
   </datafield>
   <datafield ind1=" " ind2=" " tag="040">
      <subfield code="a">UKMGB</subfield>
      <subfield code="b">eng</subfield>
      <subfield code="e">rda</subfield>
      <subfield code="c">UKMGB</subfield>
      <subfield code="d">OCLCO</subfield>
      <subfield code="d">BTCTA</subfield>
      <subfield code="d">BDX</subfield>
      <subfield code="d">YDXCP</subfield>
      <subfield code="d">NYP</subfield>
      <subfield code="d">OCLCQ</subfield>
      <subfield code="d">CGP</subfield>
      <subfield code="d">LIV</subfield>
      <subfield code="d">AEVC</subfield>
   </datafield>
   <datafield ind1=" " ind2="4" tag="050">
      <subfield code="a">QA76.76.A65</subfield>
      <subfield code="b">B42 2015</subfield>
   </datafield>
   <datafield ind1="0" ind2="4" tag="082">
      <subfield code="a">005.3</subfield>
      <subfield code="2">23</subfield>
   </datafield>
   <datafield ind1=" " ind2=" " tag="090">
      <subfield code="a">005.3 BEE</subfield>
      <subfield code="b">AEVC</subfield>
   </datafield>
   <datafield ind1="1" ind2=" " tag="100">
      <subfield code="a">Beer, Paula,</subfield>
      <subfield code="e">author.</subfield>
   </datafield>
   <datafield ind1="1" ind2="0" tag="245">
      <subfield code="a">Hello app inventor! :</subfield>
      <subfield code="b">Android programming for kids and the rest of us /</subfield>
      <subfield code="c">Paula Beer, Carl Simmons.</subfield>
   </datafield>
   <datafield ind1=" " ind2="1" tag="264">
      <subfield code="a">Shelter Island, NY :</subfield>
      <subfield code="b">Manning,</subfield>
      <subfield code="c">[2015]</subfield>
   </datafield>
   <datafield ind1=" " ind2="4" tag="264">
      <subfield code="c">©2015</subfield>
   </datafield>
   <datafield ind1=" " ind2=" " tag="300">
      <subfield code="a">xxvi, 333 pages :</subfield>
      <subfield code="b">color illustrations ;</subfield>
      <subfield code="c">24 cm</subfield>
   </datafield>
   <datafield ind1=" " ind2=" " tag="336">
      <subfield code="a">text</subfield>
      <subfield code="b">txt</subfield>
      <subfield code="2">rdacontent</subfield>
   </datafield>
   <datafield ind1=" " ind2=" " tag="336">
      <subfield code="a">still image</subfield>
      <subfield code="b">sti</subfield>
      <subfield code="2">rdacontent</subfield>
   </datafield>
   <datafield ind1=" " ind2=" " tag="337">
      <subfield code="a">unmediated</subfield>
      <subfield code="b">n</subfield>
      <subfield code="2">rdamedia</subfield>
   </datafield>
   <datafield ind1=" " ind2=" " tag="338">
      <subfield code="a">volume</subfield>
      <subfield code="b">nc</subfield>
      <subfield code="2">rdacarrier</subfield>
   </datafield>
   <datafield ind1=" " ind2=" " tag="500">
      <subfield code="a">Includes index.</subfield>
   </datafield>
   <datafield ind1=" " ind2=" " tag="520">
      <subfield code="a">Introduces young readers to the world of mobile programming. Featuring more than 30 invent-it-yourself projects, this book starts with basic apps and gradually builds the skills you need to bring your own ideas to life.</subfield>
   </datafield>
   <datafield ind1="0" ind2="0" tag="630">
      <subfield code="a">Android (Electronic resource)</subfield>
   </datafield>
   <datafield ind1=" " ind2="0" tag="650">
      <subfield code="a">Application software</subfield>
      <subfield code="x">Development.</subfield>
   </datafield>
   <datafield ind1=" " ind2="0" tag="650">
      <subfield code="a">Mobile computing.</subfield>
   </datafield>
   <datafield ind1="1" ind2=" " tag="700">
      <subfield code="a">Simmons, Carl,</subfield>
      <subfield code="e">author.</subfield>
   </datafield>
   <datafield ind1=" " ind2=" " tag="596">
      <subfield code="a">3</subfield>
   </datafield>
   <datafield ind1=" " ind2=" " tag="926">
      <subfield code="a">005.3 BEE</subfield>
      <subfield code="w">ORDER</subfield>
      <subfield code="c">1</subfield>
      <subfield code="i">33862001349939</subfield>
      <subfield code="l">ON_SHELF</subfield>
      <subfield code="m">NORQ_MAIN</subfield>
      <subfield code="p">$33.59</subfield>
      <subfield code="r">Y</subfield>
      <subfield code="s">Y</subfield>
      <subfield code="t">BOOK</subfield>
      <subfield code="u">12/19/2014</subfield>
   </datafield>
</record>
